@article{mattson1970evaluation,
  title={Evaluation techniques for storage hierarchies},
  author={Mattson, Richard L. and Gecsei, Jan and Slutz, Donald R. and Traiger, Irving L.},
  journal={IBM Systems journal},
  volume={9},
  number={2},
  pages={78--117},
  year={1970},
  publisher={IBM}
}
@online{WinNT,
  author = {Oracle},
  title = {Deque (Java Platform SE 7 )},
  year = 2018,
  url = {https://docs.oracle.com/javase/7/docs/api/java/util/Deque.html},
  urldate = {2018-10-06}
}
@book{coffman1973operating,
  title={Operating systems theory},
  author={Coffman, Edward Grady and Denning, Peter J},
  volume={973},
  year={1973},
  publisher={prentice-Hall Englewood Cliffs, NJ}
}
@inproceedings{megiddo2003arc,
  title={ARC: A Self-Tuning, Low Overhead Replacement Cache.},
  author={Megiddo, Nimrod and Modha, Dharmendra S},
  booktitle={FAST},
  volume={3},
  number={2003},
  pages={115--130},
  year={2003}
}
@article{consuegra2015analyzing,
  title={Analyzing adaptive cache replacement strategies},
  author={Consuegra, Mario E and Martinez, Wendy A and Narasimhan, Giri and Rangaswami, Raju and Shao, Leo and Vietri, Giuseppe},
  journal={arXiv preprint arXiv:1503.07624},
  year={2015}
}
@article{belady1966study,
  title={A study of replacement algorithms for a virtual-storage computer},
  author={Belady, Laszlo A.},
  journal={IBM Systems journal},
  volume={5},
  number={2},
  pages={78--101},
  year={1966},
  publisher={IBM}
}


@article{article,
author = {Murugesan, Muralidharan and Kirubakaran, E},
year = {2017},
month = {06},
pages = {812-816},
title = {Impact of Machine Learning Techniques with Cache Replacement Algorithmsinenhancingthe Performance of theWebserver},
volume = {7},
journal = {International Journal of Advanced Research in Computer Science and Software Engineering},
doi = {10.23956/ijarcsse/V7I6/0323}
}
@inproceedings{im2018snn,
  title={Snn-cache: A practical machine learning-based caching system utilizing the inter-relationships of requests},
  author={Im, Youngbin and Prahladan, Prasanth and Kim, Tae Hwan and Hong, Yong Geun and Ha, Sangtae},
  booktitle={2018 52nd Annual Conference on Information Sciences and Systems (CISS)},
  pages={1--6},
  year={2018},
  organization={IEEE}
}
@inproceedings{ari2002acme,
  title={ACME: Adaptive Caching Using Multiple Experts.},
  author={Ari, Ismail and Amer, Ahmed and Gramacy, Robert B and Miller, Ethan L and Brandt, Scott A and Long, Darrell DE},
  booktitle={WDAS},
  pages={143--158},
  year={2002}
}
@article{brodley1995multivariate,
  title={Multivariate decision trees},
  author={Brodley, Carla E and Utgoff, Paul E},
  journal={Machine learning},
  volume={19},
  number={1},
  pages={45--77},
  year={1995},
  publisher={Springer}
}








@article{koller2010deduplication,
  title={I/O deduplication: Utilizing content similarity to improve I/O performance},
  author={Koller, Ricardo and Rangaswami, Raju},
  journal={ACM Transactions on Storage (TOS)},
  volume={6},
  number={3},
  pages={13},
  year={2010},
  publisher={ACM}
}
@article{brunelle2007blktrace,
  title={Blktrace user guide},
  author={Brunelle, Alan D},
  journal={USA},
  year={2007}
}

@inproceedings{vietri2018driving,
  title={Driving cache replacement with ml-based lecar},
  author={Vietri, Giuseppe and Rodriguez, Liana V and Martinez, Wendy A and Lyons, Steven and Liu, Jason and Rangaswami, Raju and Zhao, Ming and Narasimhan, Giri},
  booktitle={10th $\{$USENIX$\}$ Workshop on Hot Topics in Storage and File Systems (HotStorage 18)},
  year={2018}
}

@article{brodley1995multivariate,
  title={Multivariate decision trees},
  author={Brodley, Carla E and Utgoff, Paul E},
  journal={Machine learning},
  volume={19},
  number={1},
  pages={45--77},
  year={1995},
  publisher={Springer}
}
@article{schmidhuber2015deep,
  title={Deep learning in neural networks: An overview},
  author={Schmidhuber, J{\"u}rgen},
  journal={Neural networks},
  volume={61},
  pages={85--117},
  year={2015},
  publisher={Elsevier}
}





















